<?xml version='1.0' encoding='utf-8'?>
<record xmlns="http://www.loc.gov/MARC21/slim" xmlns:xsi="http://www.w3.org/2001/XMLSchema-instance" xsi:schemaLocation="http://www.loc.gov/MARC21/slim http://www.loc.gov/standards/marcxml/schema/MARC21slim.xsd">
  <leader>00000npca 22019931a 4500</leader>
  <controlfield tag="005">20140515131739.0</controlfield>
  <controlfield tag="008">940131i18961940miu     |           eng |</controlfield>
  <datafield tag="035" ind1=" " ind2=" ">
    <subfield code="a">(RLIN)MIUV86-A30</subfield>
  </datafield>
  <datafield tag="035" ind1=" " ind2=" ">
    <subfield code="a">(OCoLC)ocm34422988</subfield>
  </datafield>
  <datafield tag="040" ind1=" " ind2=" ">
    <subfield code="a">MiU-H</subfield>
    <subfield code="c">MiU-H</subfield>
    <subfield code="e">appm</subfield>
    <subfield code="d">MiU</subfield>
  </datafield>
  <datafield tag="100" ind1="1" ind2=" ">
    <subfield code="a">Murfin, James Orin,</subfield>
    <subfield code="d">1875-1940.</subfield>
  </datafield>
  <datafield tag="245" ind1="1" ind2="0">
    <subfield code="a">James Orin Murfin papers,</subfield>
    <subfield code="f">1896-1940.</subfield>
  </datafield>
  <datafield tag="300" ind1=" " ind2=" ">
    <subfield code="a">8 linear ft.</subfield>
  </datafield>
  <datafield tag="545" ind1=" " ind2=" ">
    <subfield code="a">Republican politician and regent of University of Michigan.</subfield>
  </datafield>
  <datafield tag="520" ind1=" " ind2=" ">
    <subfield code="a">Correspondence, 1901-1940, personal and professional materials, legal briefs and letters relating to William Cook estate and other University of Michigan affairs during his regency, 1918-1937; also correspondence while member of University's Board in Control of Athletics concerning University's departure from and return to Big Nine Conference and college athletics in general.</subfield>
  </datafield>
  <datafield tag="555" ind1="0" ind2=" ">
    <subfield code="a">Finding aid in the library.</subfield>
  </datafield>
  <datafield tag="500" ind1=" " ind2=" ">
    <subfield code="a">Donor: 1222</subfield>
  </datafield>
  <datafield tag="555" ind1="0" ind2=" ">
    <subfield code="a">Finding aid available via World Wide Web at URL: http://quod.lib.umich.edu/cgi/f/findaid/findaid-idx?c=bhlead&amp;idno=umich-bhl-8630</subfield>
  </datafield>
  <datafield tag="650" ind1=" " ind2="0">
    <subfield code="a">Athletics</subfield>
    <subfield code="z">Michigan</subfield>
    <subfield code="z">Ann Arbor.</subfield>
  </datafield>
  <datafield tag="600" ind1="1" ind2="0">
    <subfield code="a">Clements, William L.</subfield>
    <subfield code="q">(William Lawrence),</subfield>
    <subfield code="d">1861-1934.</subfield>
  </datafield>
  <datafield tag="600" ind1="1" ind2="0">
    <subfield code="a">Cook, William W.</subfield>
    <subfield code="q">(William Wilson),</subfield>
    <subfield code="d">1858-1930.</subfield>
  </datafield>
  <datafield tag="600" ind1="1" ind2="0">
    <subfield code="a">Coolidge, Calvin,</subfield>
    <subfield code="d">1872-1933.</subfield>
  </datafield>
  <datafield tag="600" ind1="1" ind2="0">
    <subfield code="a">Eliot, T. S.</subfield>
    <subfield code="q">(Thomas Stearns),</subfield>
    <subfield code="d">1888-1965.</subfield>
  </datafield>
  <datafield tag="600" ind1="1" ind2="0">
    <subfield code="a">Gay, Edwin F.</subfield>
    <subfield code="q">(Edwin Francis),</subfield>
    <subfield code="d">1867-1946.</subfield>
  </datafield>
  <datafield tag="600" ind1="1" ind2="0">
    <subfield code="a">Harding, Warren G.</subfield>
    <subfield code="q">(Warren Gamaliel),</subfield>
    <subfield code="d">1865-1923.</subfield>
  </datafield>
  <datafield tag="600" ind1="1" ind2="0">
    <subfield code="a">Haskins, Charles Homer,</subfield>
    <subfield code="d">1870-1937.</subfield>
  </datafield>
  <datafield tag="600" ind1="1" ind2="0">
    <subfield code="a">Herbst, Hartwig Heinrich,</subfield>
    <subfield code="d">1861-1929.</subfield>
  </datafield>
  <datafield tag="600" ind1="1" ind2="0">
    <subfield code="a">Hughes, Charles Evans,</subfield>
    <subfield code="d">1862-1948.</subfield>
  </datafield>
  <datafield tag="610" ind1="2" ind2="0">
    <subfield code="a">Intercollegiate Conference of Faculty Representatives.</subfield>
  </datafield>
  <datafield tag="600" ind1="1" ind2="0">
    <subfield code="a">La Follette, Robert M.</subfield>
    <subfield code="q">(Robert Marion),</subfield>
    <subfield code="d">1855-1925.</subfield>
  </datafield>
  <datafield tag="600" ind1="1" ind2="0">
    <subfield code="a">Little, Clarence C.</subfield>
    <subfield code="q">(Clarence Cook),</subfield>
    <subfield code="d">1888-1971.</subfield>
  </datafield>
  <datafield tag="600" ind1="1" ind2="0">
    <subfield code="a">Lorch, Emil,</subfield>
    <subfield code="d">1870-1963.</subfield>
  </datafield>
  <datafield tag="610" ind1="2" ind2="0">
    <subfield code="a">Michigan State Bar Association.</subfield>
  </datafield>
  <datafield tag="691" ind1=" " ind2="4">
    <subfield code="a">Michigan</subfield>
    <subfield code="x">Politics and government</subfield>
    <subfield code="y">1917-1921.</subfield>
  </datafield>
  <datafield tag="691" ind1=" " ind2="4">
    <subfield code="a">Michigan</subfield>
    <subfield code="x">Politics and government</subfield>
    <subfield code="y">1922-1928.</subfield>
  </datafield>
  <datafield tag="691" ind1=" " ind2="4">
    <subfield code="a">Michigan</subfield>
    <subfield code="x">Politics and government</subfield>
    <subfield code="y">1929-1938.</subfield>
  </datafield>
  <datafield tag="691" ind1=" " ind2="4">
    <subfield code="a">Michigan</subfield>
    <subfield code="x">Politics and government</subfield>
    <subfield code="y">1939-1945.</subfield>
  </datafield>
  <datafield tag="600" ind1="1" ind2="0">
    <subfield code="a">Murfin, James Orin,</subfield>
    <subfield code="d">1875-1940.</subfield>
  </datafield>
  <datafield tag="600" ind1="1" ind2="0">
    <subfield code="a">Pond, Irving K.</subfield>
    <subfield code="q">(Irving Kane),</subfield>
    <subfield code="d">1857-1939</subfield>
  </datafield>
  <datafield tag="610" ind1="2" ind2="0">
    <subfield code="a">Republican Party (Mich.)</subfield>
  </datafield>
  <datafield tag="600" ind1="1" ind2="0">
    <subfield code="a">Shorts, Robert Perry,</subfield>
    <subfield code="d">1879-</subfield>
  </datafield>
  <datafield tag="600" ind1="1" ind2="0">
    <subfield code="a">Sinclair, Upton,</subfield>
    <subfield code="d">1878-1968.</subfield>
  </datafield>
  <datafield tag="600" ind1="1" ind2="0">
    <subfield code="a">Todd, Albert May,</subfield>
    <subfield code="d">1850-1931.</subfield>
  </datafield>
  <datafield tag="610" ind1="2" ind2="0">
    <subfield code="a">University of Michigan</subfield>
    <subfield code="x">Sports.</subfield>
  </datafield>
  <datafield tag="610" ind1="2" ind2="0">
    <subfield code="a">University of Michigan.</subfield>
    <subfield code="b">Board of Regents.</subfield>
  </datafield>
  <datafield tag="600" ind1="1" ind2="0">
    <subfield code="a">Young, Roy A.</subfield>
  </datafield>
  <datafield tag="651" ind1=" " ind2="0">
    <subfield code="a">Michigan</subfield>
    <subfield code="x">Politics and government</subfield>
    <subfield code="y">1837-1950.</subfield>
  </datafield>
  <datafield tag="700" ind1="1" ind2=" ">
    <subfield code="a">Adams, Randolph Greenfield,</subfield>
    <subfield code="d">1892-1951.</subfield>
  </datafield>
  <datafield tag="700" ind1="1" ind2=" ">
    <subfield code="a">Angell, James Rowland,</subfield>
    <subfield code="d">1869-1949.</subfield>
  </datafield>
  <datafield tag="700" ind1="1" ind2=" ">
    <subfield code="a">Atwood, Orville E.,</subfield>
    <subfield code="d">1880-</subfield>
  </datafield>
  <datafield tag="700" ind1="1" ind2=" ">
    <subfield code="a">Avery, Noyes L.</subfield>
  </datafield>
  <datafield tag="700" ind1="1" ind2=" ">
    <subfield code="a">Babst, Earl D.,</subfield>
    <subfield code="d">1870-1967.</subfield>
  </datafield>
  <datafield tag="700" ind1="1" ind2=" ">
    <subfield code="a">Baker, Newton Diehl,</subfield>
    <subfield code="d">1871-1937.</subfield>
  </datafield>
  <datafield tag="700" ind1="1" ind2=" ">
    <subfield code="a">Bartelme, Philip George,</subfield>
    <subfield code="d">1876-1954.</subfield>
  </datafield>
  <datafield tag="700" ind1="1" ind2=" ">
    <subfield code="a">Bates, Henry Moore,</subfield>
    <subfield code="d">1869-1949.</subfield>
  </datafield>
  <datafield tag="700" ind1="1" ind2=" ">
    <subfield code="a">Beck, James M.</subfield>
    <subfield code="q">(James Montgomery),</subfield>
    <subfield code="d">1861-1936.</subfield>
  </datafield>
  <datafield tag="700" ind1="1" ind2=" ">
    <subfield code="a">Bird, John E.</subfield>
    <subfield code="q">(John Everett),</subfield>
    <subfield code="d">1862-1928.</subfield>
  </datafield>
  <datafield tag="700" ind1="1" ind2=" ">
    <subfield code="a">Brady, James.</subfield>
  </datafield>
  <datafield tag="700" ind1="1" ind2=" ">
    <subfield code="a">Brucker, Wilber Marion,</subfield>
    <subfield code="d">1894-1968.</subfield>
  </datafield>
  <datafield tag="700" ind1="1" ind2=" ">
    <subfield code="a">Bursley, Joseph Aldrich,</subfield>
    <subfield code="d">1877-1950.</subfield>
  </datafield>
  <datafield tag="700" ind1="1" ind2=" ">
    <subfield code="a">Burton, Clarence Monroe,</subfield>
    <subfield code="d">1853-1932.</subfield>
  </datafield>
  <datafield tag="700" ind1="1" ind2=" ">
    <subfield code="a">Burton, Marion Le Roy,</subfield>
    <subfield code="d">1874-1925.</subfield>
  </datafield>
  <datafield tag="700" ind1="1" ind2=" ">
    <subfield code="a">Butzel, Henry Magnus,</subfield>
    <subfield code="d">1871-</subfield>
  </datafield>
  <datafield tag="700" ind1="1" ind2=" ">
    <subfield code="a">Campbell, Robert A.</subfield>
  </datafield>
  <datafield tag="700" ind1="1" ind2=" ">
    <subfield code="a">Chapin, Roy D.</subfield>
    <subfield code="q">(Roy Dikeman),</subfield>
    <subfield code="d">1880-1936.</subfield>
  </datafield>
  <datafield tag="700" ind1="1" ind2=" ">
    <subfield code="a">Chilson, Elbert V.</subfield>
  </datafield>
  <datafield tag="700" ind1="1" ind2=" ">
    <subfield code="a">Church, F. M.</subfield>
  </datafield>
  <datafield tag="700" ind1="1" ind2=" ">
    <subfield code="a">Clancey, Thomas.</subfield>
  </datafield>
  <datafield tag="700" ind1="1" ind2=" ">
    <subfield code="a">Clancy, Robert Henry,</subfield>
    <subfield code="d">1882-1962.</subfield>
  </datafield>
  <datafield tag="700" ind1="1" ind2=" ">
    <subfield code="a">Claude, Georges,</subfield>
    <subfield code="d">1870-1960.</subfield>
  </datafield>
  <datafield tag="700" ind1="1" ind2=" ">
    <subfield code="a">Comstock, William Alfred,</subfield>
    <subfield code="d">1877-1949.</subfield>
  </datafield>
  <datafield tag="700" ind1="1" ind2=" ">
    <subfield code="a">Cooley, Mortimer E.</subfield>
    <subfield code="q">(Mortimer Elwyn),</subfield>
    <subfield code="d">1855-1944.</subfield>
  </datafield>
  <datafield tag="700" ind1="1" ind2=" ">
    <subfield code="a">Copeland, Royal S.</subfield>
    <subfield code="q">(Royal Samuel),</subfield>
    <subfield code="d">1868-1938.</subfield>
  </datafield>
  <datafield tag="700" ind1="1" ind2=" ">
    <subfield code="a">Copley, Almon Ward,</subfield>
    <subfield code="d">1867-</subfield>
  </datafield>
  <datafield tag="700" ind1="1" ind2=" ">
    <subfield code="a">Couzens, James,</subfield>
    <subfield code="d">1872-1936.</subfield>
  </datafield>
  <datafield tag="700" ind1="1" ind2=" ">
    <subfield code="a">Creighton, Frank W.</subfield>
  </datafield>
  <datafield tag="700" ind1="1" ind2=" ">
    <subfield code="a">Denby, Edwin,</subfield>
    <subfield code="d">1870-1929.</subfield>
  </datafield>
  <datafield tag="700" ind1="1" ind2=" ">
    <subfield code="a">Eldred, Foss Oscar,</subfield>
    <subfield code="d">1884-</subfield>
  </datafield>
  <datafield tag="700" ind1="1" ind2=" ">
    <subfield code="a">Engel, Albert Joseph,</subfield>
    <subfield code="d">1888-1959.</subfield>
  </datafield>
  <datafield tag="700" ind1="1" ind2=" ">
    <subfield code="a">Farrand, Livingston,</subfield>
    <subfield code="d">1867-1939.</subfield>
  </datafield>
  <datafield tag="700" ind1="1" ind2=" ">
    <subfield code="a">Fead, Louis H.,</subfield>
    <subfield code="d">1877-1943.</subfield>
  </datafield>
  <datafield tag="700" ind1="1" ind2=" ">
    <subfield code="a">Fehling, Edward William,</subfield>
    <subfield code="d">1880-</subfield>
  </datafield>
  <datafield tag="700" ind1="1" ind2=" ">
    <subfield code="a">Fitch, Ferris H.</subfield>
  </datafield>
  <datafield tag="700" ind1="1" ind2=" ">
    <subfield code="a">Fitzgerald, Frank D.</subfield>
    <subfield code="q">(Frank Dwight),</subfield>
    <subfield code="d">1885-1939.</subfield>
  </datafield>
  <datafield tag="700" ind1="1" ind2=" ">
    <subfield code="a">Fjetland, O. K.</subfield>
  </datafield>
  <datafield tag="700" ind1="1" ind2=" ">
    <subfield code="a">Ford, Worthington Chauncey,</subfield>
    <subfield code="d">1858-1941.</subfield>
  </datafield>
  <datafield tag="700" ind1="1" ind2=" ">
    <subfield code="a">Foster, Charles W.</subfield>
  </datafield>
  <datafield tag="700" ind1="1" ind2=" ">
    <subfield code="a">Fuller, Oramel B.,</subfield>
    <subfield code="d">b. 1858.</subfield>
  </datafield>
  <datafield tag="700" ind1="1" ind2=" ">
    <subfield code="a">Goodrich, Herbert F.</subfield>
    <subfield code="q">(Herbert Funk),</subfield>
    <subfield code="d">1889-1962.</subfield>
  </datafield>
  <datafield tag="700" ind1="1" ind2=" ">
    <subfield code="a">Green, Carl M.</subfield>
  </datafield>
  <datafield tag="700" ind1="1" ind2=" ">
    <subfield code="a">Green, Fred Warren,</subfield>
    <subfield code="d">1872-1936.</subfield>
  </datafield>
  <datafield tag="700" ind1="1" ind2=" ">
    <subfield code="a">Groesbeck, Alexander J.</subfield>
    <subfield code="q">(Alexander Joseph),</subfield>
    <subfield code="d">1873-1953.</subfield>
  </datafield>
  <datafield tag="700" ind1="1" ind2=" ">
    <subfield code="a">Hanchett, Benjamin Sawtell,</subfield>
    <subfield code="d">1868-1933.</subfield>
  </datafield>
  <datafield tag="700" ind1="1" ind2=" ">
    <subfield code="a">Heath, Homer L.</subfield>
  </datafield>
  <datafield tag="700" ind1="1" ind2=" ">
    <subfield code="a">Hinsdale, W. B.</subfield>
    <subfield code="q">(Wilbert B.),</subfield>
    <subfield code="d">1851-1944.</subfield>
  </datafield>
  <datafield tag="700" ind1="1" ind2=" ">
    <subfield code="a">Hitchcock, Gilbert M.</subfield>
    <subfield code="q">(Gilbert Monell),</subfield>
    <subfield code="d">1859-1934.</subfield>
  </datafield>
  <datafield tag="700" ind1="1" ind2=" ">
    <subfield code="a">Hoffman, Clare E.,</subfield>
    <subfield code="d">1875-1967.</subfield>
  </datafield>
  <datafield tag="700" ind1="1" ind2=" ">
    <subfield code="a">Huston, Roscoe Burhans,</subfield>
    <subfield code="d">1881-</subfield>
  </datafield>
  <datafield tag="700" ind1="1" ind2=" ">
    <subfield code="a">Hutchins, Harry B.</subfield>
    <subfield code="q">(Harry Burns),</subfield>
    <subfield code="d">1847-1930.</subfield>
  </datafield>
  <datafield tag="700" ind1="1" ind2=" ">
    <subfield code="a">Jerome, James D.,</subfield>
    <subfield code="d">1875-</subfield>
  </datafield>
  <datafield tag="700" ind1="1" ind2=" ">
    <subfield code="a">Johnson, Axel Petrus,</subfield>
    <subfield code="d">1878-1952.</subfield>
  </datafield>
  <datafield tag="700" ind1="1" ind2=" ">
    <subfield code="a">Johnson, Thomas Edward,</subfield>
    <subfield code="d">1883-</subfield>
  </datafield>
  <datafield tag="700" ind1="1" ind2=" ">
    <subfield code="a">Keith, B. C.</subfield>
  </datafield>
  <datafield tag="700" ind1="1" ind2=" ">
    <subfield code="a">Kelly, Edward Dionysius,</subfield>
    <subfield code="d">1861-1926.</subfield>
  </datafield>
  <datafield tag="700" ind1="1" ind2=" ">
    <subfield code="a">Kline, George Milton,</subfield>
    <subfield code="d">1878-</subfield>
  </datafield>
  <datafield tag="700" ind1="1" ind2=" ">
    <subfield code="a">Lathrop, Rufus G.</subfield>
  </datafield>
  <datafield tag="700" ind1="1" ind2=" ">
    <subfield code="a">Latting, Raymond.</subfield>
  </datafield>
  <datafield tag="700" ind1="1" ind2=" ">
    <subfield code="a">Lawton, J. Fred</subfield>
    <subfield code="q">(James Frederick),</subfield>
    <subfield code="d">1888-1969.</subfield>
  </datafield>
  <datafield tag="700" ind1="1" ind2=" ">
    <subfield code="a">Lejeune, John Archer,</subfield>
    <subfield code="d">1867-1942.</subfield>
  </datafield>
  <datafield tag="700" ind1="1" ind2=" ">
    <subfield code="a">Liebold, Ernest G.,</subfield>
    <subfield code="d">1884-</subfield>
  </datafield>
  <datafield tag="700" ind1="1" ind2=" ">
    <subfield code="a">McDonald, John Samuel,</subfield>
    <subfield code="d">1865-</subfield>
  </datafield>
  <datafield tag="700" ind1="1" ind2=" ">
    <subfield code="a">Marston, George A.</subfield>
  </datafield>
  <datafield tag="700" ind1="1" ind2=" ">
    <subfield code="a">Millen, George W.,</subfield>
    <subfield code="d">b. 1863.</subfield>
  </datafield>
  <datafield tag="700" ind1="1" ind2=" ">
    <subfield code="a">Miller, Edwin Lillie,</subfield>
    <subfield code="d">1868-1934.</subfield>
  </datafield>
  <datafield tag="700" ind1="1" ind2=" ">
    <subfield code="a">Miller, Guy Alonzo,</subfield>
    <subfield code="d">1875-</subfield>
  </datafield>
  <datafield tag="700" ind1="1" ind2=" ">
    <subfield code="a">Miller, John Barnes,</subfield>
    <subfield code="d">1869-1932.</subfield>
  </datafield>
  <datafield tag="700" ind1="1" ind2=" ">
    <subfield code="a">Moehlman, Arthur B.</subfield>
    <subfield code="q">(Arthur Bernard),</subfield>
    <subfield code="d">1889-1952.</subfield>
  </datafield>
  <datafield tag="700" ind1="1" ind2=" ">
    <subfield code="a">Murphy, Frank,</subfield>
    <subfield code="d">1890-1949.</subfield>
  </datafield>
  <datafield tag="700" ind1="1" ind2=" ">
    <subfield code="a">Osborn, Chase S.</subfield>
    <subfield code="q">(Chase Salmon),</subfield>
    <subfield code="d">1860-1949.</subfield>
  </datafield>
  <datafield tag="700" ind1="1" ind2=" ">
    <subfield code="a">New, Harry S.</subfield>
    <subfield code="q">(Harry Stewart),</subfield>
    <subfield code="d">1858-1937.</subfield>
  </datafield>
  <datafield tag="700" ind1="1" ind2=" ">
    <subfield code="a">Newberry, Truman Handy,</subfield>
    <subfield code="d">1864-1945.</subfield>
  </datafield>
  <datafield tag="700" ind1="1" ind2=" ">
    <subfield code="a">North, Walter Harper,</subfield>
    <subfield code="d">1871-1952.</subfield>
  </datafield>
  <datafield tag="700" ind1="1" ind2=" ">
    <subfield code="a">Pack, Philip Clarkson,</subfield>
    <subfield code="d">1896-1970.</subfield>
  </datafield>
  <datafield tag="700" ind1="1" ind2=" ">
    <subfield code="a">Penney, Harvey A.,</subfield>
    <subfield code="d">1866-</subfield>
  </datafield>
  <datafield tag="700" ind1="1" ind2=" ">
    <subfield code="a">Perry, Stuart Hoffman,</subfield>
    <subfield code="d">1874-1957.</subfield>
  </datafield>
  <datafield tag="700" ind1="1" ind2=" ">
    <subfield code="a">Potter, William W.,</subfield>
    <subfield code="d">1869-1940.</subfield>
  </datafield>
  <datafield tag="700" ind1="1" ind2=" ">
    <subfield code="a">Pound, Roscoe,</subfield>
    <subfield code="d">1870-1964.</subfield>
  </datafield>
  <datafield tag="700" ind1="1" ind2=" ">
    <subfield code="a">Rickey, Branch,</subfield>
    <subfield code="d">1881-1965.</subfield>
  </datafield>
  <datafield tag="700" ind1="1" ind2=" ">
    <subfield code="a">Robbins, Frank Egleston,</subfield>
    <subfield code="d">1884-</subfield>
  </datafield>
  <datafield tag="700" ind1="1" ind2=" ">
    <subfield code="a">Ruthledge, William P.,</subfield>
    <subfield code="d">1869-</subfield>
  </datafield>
  <datafield tag="700" ind1="1" ind2=" ">
    <subfield code="a">Ruthven, Alexander Grant,</subfield>
    <subfield code="d">1882-1971.</subfield>
  </datafield>
  <datafield tag="700" ind1="1" ind2=" ">
    <subfield code="a">Sawyer, Charles E.,</subfield>
    <subfield code="d">1860-1924.</subfield>
  </datafield>
  <datafield tag="700" ind1="1" ind2=" ">
    <subfield code="a">Schermerhorn, James,</subfield>
    <subfield code="d">1865-1942.</subfield>
  </datafield>
  <datafield tag="700" ind1="1" ind2=" ">
    <subfield code="a">Sharpe, Nelson,</subfield>
    <subfield code="d">1858-1935.</subfield>
  </datafield>
  <datafield tag="700" ind1="1" ind2=" ">
    <subfield code="a">Shields, Edmund Claude,</subfield>
    <subfield code="d">1871-1947.</subfield>
  </datafield>
  <datafield tag="700" ind1="1" ind2=" ">
    <subfield code="a">Shurly, Burt Russell,</subfield>
    <subfield code="d">1871-</subfield>
  </datafield>
  <datafield tag="700" ind1="1" ind2=" ">
    <subfield code="a">Sink, Charles A.</subfield>
    <subfield code="q">(Charles Albert),</subfield>
    <subfield code="d">1879-1972.</subfield>
  </datafield>
  <datafield tag="700" ind1="1" ind2=" ">
    <subfield code="a">Skillman, W. McKay,</subfield>
    <subfield code="d">1894-</subfield>
  </datafield>
  <datafield tag="700" ind1="1" ind2=" ">
    <subfield code="a">Sleeper, Albert E.,</subfield>
    <subfield code="d">1862-1934.</subfield>
  </datafield>
  <datafield tag="700" ind1="1" ind2=" ">
    <subfield code="a">Smith, Richard Root,</subfield>
    <subfield code="d">1869-1940.</subfield>
  </datafield>
  <datafield tag="700" ind1="1" ind2=" ">
    <subfield code="a">Smith, Shirley Wheeler,</subfield>
    <subfield code="d">1875-1959.</subfield>
  </datafield>
  <datafield tag="700" ind1="1" ind2=" ">
    <subfield code="a">Springer, Durand William,</subfield>
    <subfield code="d">1866-1943.</subfield>
  </datafield>
  <datafield tag="700" ind1="1" ind2=" ">
    <subfield code="a">Stevens, George Washington,</subfield>
    <subfield code="d">1866-1926.</subfield>
  </datafield>
  <datafield tag="700" ind1="1" ind2=" ">
    <subfield code="a">Strawn, Silas Hardy,</subfield>
    <subfield code="d">1866-1946.</subfield>
  </datafield>
  <datafield tag="700" ind1="1" ind2=" ">
    <subfield code="a">Swarthout, Elvin,</subfield>
    <subfield code="d">1864-1935.</subfield>
  </datafield>
  <datafield tag="700" ind1="1" ind2=" ">
    <subfield code="a">Tapping, Theodore Hawley,</subfield>
    <subfield code="d">1889-1969.</subfield>
  </datafield>
  <datafield tag="700" ind1="1" ind2=" ">
    <subfield code="a">Telfer, Laueston Oliver,</subfield>
    <subfield code="d">1893-</subfield>
  </datafield>
  <datafield tag="700" ind1="1" ind2=" ">
    <subfield code="a">Thomason, Samuel Emory,</subfield>
    <subfield code="d">1883-1944.</subfield>
  </datafield>
  <datafield tag="700" ind1="1" ind2=" ">
    <subfield code="a">Townsend, Charles Elroy,</subfield>
    <subfield code="d">1856-1924.</subfield>
  </datafield>
  <datafield tag="700" ind1="1" ind2=" ">
    <subfield code="a">Townsend, George H.,</subfield>
    <subfield code="d">1865-</subfield>
  </datafield>
  <datafield tag="700" ind1="1" ind2=" ">
    <subfield code="a">Trafford, Bernard Walton,</subfield>
    <subfield code="d">1871-1941.</subfield>
  </datafield>
  <datafield tag="700" ind1="1" ind2=" ">
    <subfield code="a">Turner, Scott,</subfield>
    <subfield code="d">1880-</subfield>
  </datafield>
  <datafield tag="700" ind1="1" ind2=" ">
    <subfield code="a">Vandenberg, Arthur H.</subfield>
    <subfield code="q">(Arthur Hendrick),</subfield>
    <subfield code="d">1884-1951.</subfield>
  </datafield>
  <datafield tag="700" ind1="1" ind2=" ">
    <subfield code="a">Vaughan, Coleman C.,</subfield>
    <subfield code="d">1857-</subfield>
  </datafield>
  <datafield tag="700" ind1="1" ind2=" ">
    <subfield code="a">Vaughan, Henry Frieze,</subfield>
    <subfield code="d">1889-</subfield>
  </datafield>
  <datafield tag="700" ind1="1" ind2=" ">
    <subfield code="a">Voorhies, Paul Warren,</subfield>
    <subfield code="d">1875-1952.</subfield>
  </datafield>
  <datafield tag="700" ind1="1" ind2=" ">
    <subfield code="a">Warren, Charles Beecher,</subfield>
    <subfield code="d">1870-1936.</subfield>
  </datafield>
  <datafield tag="700" ind1="1" ind2=" ">
    <subfield code="a">Watkins, James K.,</subfield>
    <subfield code="d">1887-</subfield>
  </datafield>
  <datafield tag="700" ind1="1" ind2=" ">
    <subfield code="a">Wedemeyer, William Walter,</subfield>
    <subfield code="d">1873-1913.</subfield>
  </datafield>
  <datafield tag="700" ind1="1" ind2=" ">
    <subfield code="a">Wickersham, George W.</subfield>
    <subfield code="q">(George Woodward),</subfield>
    <subfield code="d">1858-1936.</subfield>
  </datafield>
  <datafield tag="700" ind1="1" ind2=" ">
    <subfield code="a">Wiley, Merlin,</subfield>
    <subfield code="d">1875-</subfield>
  </datafield>
  <datafield tag="700" ind1="1" ind2=" ">
    <subfield code="a">Wreford, William B.</subfield>
  </datafield>
  <datafield tag="700" ind1="1" ind2=" ">
    <subfield code="a">Yost, Fielding Harris,</subfield>
    <subfield code="d">1871-1946.</subfield>
  </datafield>
  <datafield tag="852" ind1=" " ind2=" ">
    <subfield code="a">Bentley Historical Library,</subfield>
    <subfield code="b">University of Michigan,</subfield>
    <subfield code="c">Ann Arbor, Michigan 48109-2113</subfield>
  </datafield>
  <datafield tag="856" ind1="4" ind2="2">
    <subfield code="3">Finding aid:</subfield>
    <subfield code="u">http://quod.lib.umich.edu/cgi/f/findaid/findaid-idx?c=bhlead&amp;idno=umich-bhl-8630</subfield>
  </datafield>
  <datafield tag="997" ind1=" " ind2=" ">
    <subfield code="a">MARS</subfield>
  </datafield>
  <datafield tag="998" ind1=" " ind2=" ">
    <subfield code="s">9554</subfield>
  </datafield>
</record>
